%%
%% This is file `./samples/bibliography.bib',
%% generated with the docstrip utility.
%%
%% The original source files were:
%%
%% apa7.dtx  (with options: `bibliography')
%% ----------------------------------------------------------------------
%% 
%% apa7 - A LaTeX class for formatting documents in compliance with the
%% American Psychological Association's Publication Manual, 7th edition
%% 
%% Copyright (C) 2021 by Daniel A. Weiss <daniel.weiss.led at gmail.com>
%% 
%% This work may be distributed and/or modified under the
%% conditions of the LaTeX Project Public License (LPPL), either
%% version 1.3c of this license or (at your option) any later
%% version.  The latest version of this license is in the file:
%% 
%% http://www.latex-project.org/lppl.txt
%% 
%% Users may freely modify these files without permission, as long as the
%% copyright line and this statement are maintained intact.
%% 
%% This work is not endorsed by, affiliated with, or probably even known
%% by, the American Psychological Association.
%% 
%% ----------------------------------------------------------------------
%% 

@Article{Jones2022,
AUTHOR = {Jones, Caren E. and Van Dongen, Angeline and Aubry, Jolan and Schreiber, Stefan G. and Degenhardt, Dani},
TITLE = {Use of Mobile Laser Scanning (MLS) to Monitor Vegetation Recovery on Linear Disturbances},
JOURNAL = {Forests},
VOLUME = {13},
YEAR = {2022},
NUMBER = {11},
ARTICLE-NUMBER = {1743},
URL = {https://www.mdpi.com/1999-4907/13/11/1743},
ISSN = {1999-4907},
DOI = {10.3390/f13111743}
}

@article{Sanchez2018,
title = {Heritage site preservation with combined radiometric and geometric analysis of TLS data},
journal = {Automation in Construction},
volume = {85},
pages = {24-39},
year = {2018},
issn = {0926-5805},
doi = {https://doi.org/10.1016/j.autcon.2017.09.023},
url = {https://www.sciencedirect.com/science/article/pii/S0926580517302078},
author = {Luis Javier Sánchez-Aparicio and Susana {Del Pozo} and Luís F. Ramos and Andrés Arce and Francisco M. Fernandes}
}

@article{Lichti2007,
title = {Error modelling, calibration and analysis of an AM–CW terrestrial laser scanner system},
journal = {ISPRS Journal of Photogrammetry and Remote Sensing},
volume = {61},
number = {5},
pages = {307-324},
year = {2007},
issn = {0924-2716},
doi = {https://doi.org/10.1016/j.isprsjprs.2006.10.004},
url = {https://www.sciencedirect.com/science/article/pii/S0924271606001298},
author = {Derek D. Lichti}
}

@article{dassot2011,
  title={The use of terrestrial LiDAR technology in forest science: application fields, benefits and challenges},
  author={Dassot, Mathieu and Constant, Thi{\'e}ry and Fournier, Meriem},
  journal={Annals of forest science},
  volume={68},
  pages={959--974},
  year={2011},
  publisher={Springer}
}

@article{mehendale2020,
  title={Review on lidar technology},
  author={Mehendale, Ninad and Neoge, Srushti},
  journal={Available at SSRN 3604309},
  year={2020}
}

@inproceedings{carson2004,
  title={LiDAR applications in forestry—An overview},
  author={Carson, Ward W and Andersen, Hans-Erik and Reutebuch, Stephen E and McGaughey, Robert J},
  booktitle={ASPRS Annual Conference Proceedings},
  pages={4},
  year={2004}
}

@Article{Bienert2018,
AUTHOR = {Bienert, Anne and Georgi, Louis and Kunz, Matthias and Maas, Hans-Gerd and Von Oheimb, Goddert},
TITLE = {Comparison and Combination of Mobile and Terrestrial Laser Scanning for Natural Forest Inventories},
JOURNAL = {Forests},
VOLUME = {9},
YEAR = {2018},
NUMBER = {7},
ARTICLE-NUMBER = {395},
URL = {https://www.mdpi.com/1999-4907/9/7/395},
ISSN = {1999-4907},
DOI = {10.3390/f9070395}
}

@article{GeneMola2019,
title = {Fruit detection in an apple orchard using a mobile terrestrial laser scanner},
journal = {Biosystems Engineering},
volume = {187},
pages = {171-184},
year = {2019},
issn = {1537-5110},
doi = {https://doi.org/10.1016/j.biosystemseng.2019.08.017},
url = {https://www.sciencedirect.com/science/article/pii/S1537511019308128},
author = {Jordi Gené-Mola and Eduard Gregorio and Javier Guevara and Fernando Auat and Ricardo Sanz-Cortiella and Alexandre Escolà and Jordi Llorens and Josep-Ramon Morros and Javier Ruiz-Hidalgo and Verónica Vilaplana and Joan R. Rosell-Polo},
}

@Article{RodríguezGonzalvez2017,
AUTHOR = {Rodríguez-Gonzálvez, Pablo and Jiménez Fernández-Palacios, Belén and Muñoz-Nieto, Ángel Luis and Arias-Sanchez, Pedro and Gonzalez-Aguilera, Diego},
TITLE = {Mobile LiDAR System: New Possibilities for the Documentation and Dissemination of Large Cultural Heritage Sites},
JOURNAL = {Remote Sensing},
VOLUME = {9},
YEAR = {2017},
NUMBER = {3},
ARTICLE-NUMBER = {189},
URL = {https://www.mdpi.com/2072-4292/9/3/189},
ISSN = {2072-4292},
DOI = {10.3390/rs9030189}
}

@Article{Levick2021,
AUTHOR = {Levick, Shaun R. and Whiteside, Tim and Loewensteiner, David A. and Rudge, Mitchel and Bartolo, Renee},
TITLE = {Leveraging TLS as a Calibration and Validation Tool for MLS and ULS Mapping of Savanna Structure and Biomass at Landscape-Scales},
JOURNAL = {Remote Sensing},
VOLUME = {13},
YEAR = {2021},
NUMBER = {2},
ARTICLE-NUMBER = {257},
URL = {https://www.mdpi.com/2072-4292/13/2/257},
ISSN = {2072-4292},
DOI = {10.3390/rs13020257}
}

@incollection{wandinger2005,
  title={Introduction to lidar},
  author={Wandinger, Ulla},
  booktitle={Lidar: range-resolved optical remote sensing of the atmosphere},
  pages={1--18},
  year={2005},
  publisher={Springer}
}

@article{conti2024,
author = {Conti, Alessandro and Pagliaricci, G. and Bonora, Valentina and Tucci, G.},
year = {2024},
month = {02},
pages = {141-147},
title = {A COMPARISON BETWEEN TERRESTRIAL LASER SCANNING AND HAND-HELD MOBILE MAPPING FOR THE DOCUMENTATION OF BUILT HERITAGE},
volume = {XLVIII-2/W4-2024},
journal = {The International Archives of the Photogrammetry, Remote Sensing and Spatial Information Sciences},
doi = {10.5194/isprs-archives-XLVIII-2-W4-2024-141-2024}
}

@misc{FARO, 
  author={FARO},
  url={https://www.faro.com/en/Products/Hardware/Focus-Laser-Scanners},
  journal={FARO}
 } 

@misc{emesent, 
  author={Emesent},
  url={https://emesent.com/hovermap-series/}, 
  journal={Emesent}, 
  year={2024}, 
  month={Mar}
} 

@article{girardeau2016,
  title={CloudCompare},
  author={Girardeau-Montaut, Daniel},
  journal={France: EDF R\&D Telecom ParisTech},
  volume={11},
  number={5},
  year={2016}
}

@misc{cloudcompare2015, 
  Title={CloudCompare},
  url={https://www.cloudcompare.org/doc/qCC/CloudCompare%20v2.6.1%20-%20User%20manual.pdf}, 
  journal={CloudCompare}, 
  year={2015}, 
  month={Feb}
} 

@software{cloudcomparesoftware,
  author = {{CloudCompare}},
  title = {CloudCompare 'Unified'},
  url = {https://cloudcompare-org.danielgm.net/release/},
  version = {2.13.1},
  date = {2024-03-20},
}

@misc{artecleo, 
  author={Artec3D},
  url={https://www.artec3d.com/portable-3d-scanners/artec-leo}, 
  journal={Artec Leo}
} 

@misc{scanningStandard, 
  title={Asset and Geospatial Information Branch Survey and Mapping Section},
  url={https://www.mainroads.wa.gov.au/globalassets/technical-commercial/technical-library/surveying-and-geospatial-services/engineering-surveys-guidelines/mobile-laser-scanning-standard.pdf}, 
  journal={The Government of Western Australia}, 
  year={2023}, 
  month={Aug}
} 

@article{KHAN20201444,
title = {Machine Learning in Computer Vision},
journal = {Procedia Computer Science},
volume = {167},
pages = {1444-1451},
year = {2020},
note = {International Conference on Computational Intelligence and Data Science},
issn = {1877-0509},
doi = {https://doi.org/10.1016/j.procs.2020.03.355},
url = {https://www.sciencedirect.com/science/article/pii/S1877050920308218},
author = {Asharul Islam Khan and Salim Al-Habsi},
keywords = {machine learning, image processing, object detection, computer vision, artificial intelligence, image classification, neural network, support vector machine},
}

@article{CHAI2021100134,
title = {Deep learning in computer vision: A critical review of emerging techniques and application scenarios},
journal = {Machine Learning with Applications},
volume = {6},
pages = {100134},
year = {2021},
issn = {2666-8270},
doi = {https://doi.org/10.1016/j.mlwa.2021.100134},
url = {https://www.sciencedirect.com/science/article/pii/S2666827021000670},
author = {Junyi Chai and Hao Zeng and Anming Li and Eric W.T. Ngai}
}

@article{MEDICAL,
title = {Deep learning-enabled medical computer vision},
journal = {npj Digital Medicine},
volume = {4},
pages = {1-10},
year = {2021},
doi = {https://doi.org/10.1038/s41746-020-00376-2},
url = {https://www.nature.com/articles/s41746-020-00376-2},
author = {Andre Esteva and Katherine Chou and Serena Yeung and Nikhil Naik and Ali Madani and Ali Mottaghi and Yun Liu and Eric Topol and Jeff Dean and Richard Socher}
}

@INPROCEEDINGS{SUPERMARKET,
  author={Rathnayake P, W.P.D.N. and D, Geeth Dulanjana and Punchihewa G, A.V.B.W. and Anjana G, N.W. and Suriya Kumari, P. K. and Samarakoon, Uthpala},
  booktitle={2022 4th International Conference on Advancements in Computing (ICAC)}, 
  title={CertiMart: Use Computer Vision to Digitize and Automate Supermarket with Fruit Quality Measuring and Maintaining}, 
  year={2022},
  volume={},
  number={},
  pages={36-41},
  keywords={Weight measurement;Proteins;Computer vision;Production;Pricing;Sensors;Personnel;Image processing;CNN;MobileNet;Price prediction;autonomously;refinement;VGG16},
  doi={10.1109/ICAC57685.2022.10025119}}

@Article{photogrammetryToCV,
title = {From Photogrammetry to Computer Vision},
journal = {Geomatics and Information Science of Wuhan University},
volume = {42},
number = {11},
pages = {1518-1522, 1615},
year = {2017},
issn = {1671-8860},
doi = {10.13203/j.whugis20170283},	
url = {http://ch.whu.edu.cn/en/article/doi/10.13203/j.whugis20170283},
author = {GONG Jianya and JI Shunping}
}

@misc{elnouby2021training,
      title={Training Vision Transformers for Image Retrieval}, 
      author={Alaaeldin El-Nouby and Natalia Neverova and Ivan Laptev and Hervé Jégou},
      year={2021},
      eprint={2102.05644},
      archivePrefix={arXiv},
      primaryClass={cs.CV}
}

@Article{neuralNetwork, 
  title={Designing Your Neural Networks},
  author={Lavanya Shukla},
  url={https://towardsdatascience.com/designing-your-neural-networks-a5e4617027ed}, 
  journal={Towards Data Science}, 
  year={2019}, 
  month={Sep}
} 

@Article{fasterRCNN,
      title={Faster R-CNN: Towards Real-Time Object Detection with Region Proposal Networks}, 
      author={Shaoqing Ren and Kaiming He and Ross Girshick and Jian Sun},
      year={2016},
      eprint={1506.01497},
      archivePrefix={arXiv},
      primaryClass={cs.CV}
}
@Article{fastRCNN,
      title={Fast R-CNN}, 
      author={Ross Girshick},
      year={2015},
      eprint={1504.08083},
      archivePrefix={arXiv},
      primaryClass={cs.CV}
}

@misc{resnet50,
      title={Deep Residual Learning for Image Recognition}, 
      author={Kaiming He and Xiangyu Zhang and Shaoqing Ren and Jian Sun},
      year={2015},
      eprint={1512.03385},
      archivePrefix={arXiv},
      primaryClass={cs.CV}
}

%% 
%% Copyright (C) 2021 by Daniel A. Weiss <daniel.weiss.led at gmail.com>
%% 
%% This work may be distributed and/or modified under the
%% conditions of the LaTeX Project Public License (LPPL), either
%% version 1.3c of this license or (at your option) any later
%% version.  The latest version of this license is in the file:
%% 
%% http://www.latex-project.org/lppl.txt
%% 
%% Users may freely modify these files without permission, as long as the
%% copyright line and this statement are maintained intact.
%% 
%% This work is not endorsed by, affiliated with, or probably even known
%% by, the American Psychological Association.
%% 
%% 
%% This work is "maintained" (as per LPPL maintenance status) by
%% Daniel A. Weiss.
%% 
%% This work consists of the file  apa7.dtx
%% and the derived files           apa7.ins,
%%                                 apa7.cls,
%%                                 apa7.pdf,
%%                                 README,
%%                                 APA7american.txt,
%%                                 APA7british.txt,
%%                                 APA7dutch.txt,
%%                                 APA7english.txt,
%%                                 APA7french.txt,
%%                                 APA7german.txt,
%%                                 APA7ngerman.txt,
%%                                 APA7greek.txt,
%%                                 APA7czech.txt,
%%                                 APA7turkish.txt,
%%                                 APA7endfloat.cfg,
%%                                 Figure1.pdf,
%%                                 shortsample.tex,
%%                                 longsample.tex, and
%%                                 bibliography.bib.
%% 
%%
%% End of file `./samples/bibliography.bib'.
